<record xmlns='http://www.loc.gov/MARC21/slim'><leader>01765cgm a2200349 a 4500</leader><controlfield tag='001'>a5337167</controlfield><controlfield tag='003'>SIRSI</controlfield><controlfield tag='005'>20150321050002.0</controlfield><controlfield tag='007'>vd mvaizs</controlfield><controlfield tag='008'>010817s2003    nju051            vleng d</controlfield><datafield ind1='4' ind2='2' tag='028'><subfield code='a'>11340</subfield><subfield code='b'>Films for the Humanities &amp; Sciences</subfield></datafield><datafield ind1=' ' ind2=' ' tag='035'><subfield code='a'>(OCoLC-M)52800115</subfield></datafield><datafield ind1=' ' ind2=' ' tag='035'><subfield code='a'>(OCoLC-I)276043542</subfield></datafield><datafield ind1=' ' ind2=' ' tag='040'><subfield code='a'>CSt</subfield><subfield code='c'>CSt</subfield></datafield><datafield ind1='0' ind2='4' tag='245'><subfield code='a'>The grapes of wrath</subfield><subfield code='h'>[videorecording] /</subfield><subfield code='c'>narrated by Donald Sutherland ; produced and written by Ricki Green ; produced by Cronkite-Ward Co. for TLC.</subfield></datafield><datafield ind1=' ' ind2=' ' tag='260'><subfield code='a'>Princeton, NJ :</subfield><subfield code='b'>Films for the Humanities &amp; Sciences,</subfield><subfield code='c'>c2003.</subfield></datafield><datafield ind1=' ' ind2=' ' tag='300'><subfield code='a'>1 videodisc (ca. 57 min.) :</subfield><subfield code='b'>sd., col. with b&amp;w sequences ;</subfield><subfield code='c'>4 3/4 in.</subfield></datafield><datafield ind1='1' ind2=' ' tag='490'><subfield code='a'>Great books</subfield></datafield><datafield ind1=' ' ind2=' ' tag='520'><subfield code='a'>Susan Shillinglaw of the Center for Steinbeck Studies; authors Studs Terkel and Gerald Haslam; Steinbeck&apos;s son Thomas and third wife, Elaine; and others discuss the Dust Bowl era, the Oakies, and the enduring effect of Steinbeck&apos;s book. Program includes the music of Woodie Guthrie, photographs by Dorothea Lange, and clips from John Ford&apos;s 1940 film of the novel.</subfield></datafield><datafield ind1=' ' ind2=' ' tag='538'><subfield code='a'>DVD.</subfield></datafield><datafield ind1=' ' ind2=' ' tag='596'><subfield code='a'>1</subfield></datafield><datafield ind1='1' ind2='0' tag='600'><subfield code='a'>Steinbeck, John,</subfield><subfield code='d'>1902-1968.</subfield><subfield code='t'>Grapes of wrath.</subfield><subfield code=' '>^A2091926</subfield></datafield><datafield ind1=' ' ind2='0' tag='650'><subfield code='a'>Depressions</subfield><subfield code='y'>1929.</subfield><subfield code=' '>^A1010815</subfield></datafield><datafield ind1='1' ind2=' ' tag='700'><subfield code='a'>Sutherland, Donald,</subfield><subfield code='d'>1935-</subfield><subfield code=' '>^A515747</subfield></datafield><datafield ind1='1' ind2=' ' tag='700'><subfield code='a'>Shillinglaw, Susan.</subfield><subfield code=' '>^A1209934</subfield></datafield><datafield ind1='1' ind2=' ' tag='700'><subfield code='a'>Green, Ricki.</subfield><subfield code=' '>^A734427</subfield></datafield><datafield ind1='2' ind2=' ' tag='710'><subfield code='a'>Learning Channel (Firm)</subfield><subfield code=' '>^A840736</subfield></datafield><datafield ind1='2' ind2=' ' tag='710'><subfield code='a'>Cronkite Ward Company.</subfield><subfield code=' '>^A1623972</subfield></datafield><datafield ind1='2' ind2=' ' tag='710'><subfield code='a'>Films for the Humanities (Firm)</subfield><subfield code=' '>^A164660</subfield></datafield><datafield ind1=' ' ind2='0' tag='830'><subfield code='a'>Great books of the Western World (Franklin Center, Pa.)</subfield><subfield code=' '>^A1255321</subfield></datafield><datafield ind1=' ' ind2=' ' tag='994'><subfield code='a'>Z0</subfield><subfield code='b'>STF</subfield></datafield><datafield ind1=' ' ind2=' ' tag='999'><subfield code='a'>ZDVD 4369</subfield><subfield code='w'>ALPHANUM</subfield><subfield code='c'>1</subfield><subfield code='i'>36105023836690</subfield><subfield code='d'>10/12/2010</subfield><subfield code='e'>10/11/2010</subfield><subfield code='l'>MEDIA-MTXT</subfield><subfield code='m'>GREEN</subfield><subfield code='n'>13</subfield><subfield code='r'>Y</subfield><subfield code='s'>Y</subfield><subfield code='t'>NH-DVDCD</subfield><subfield code='u'>3/24/2003</subfield><subfield code='z'>TAX=8.25</subfield></datafield></record>